@manual{lab4-manual,
    author = {Hui Hu},
    title = {Pressure Transducer Calibration},
    year = {2024},
    organization = {Iowa State University},
    url = {https://www.aere.iastate.edu/~huhui/teaching/2024-01S/AerE344/lab-instruction/AerE344L-Lab-04-instruction.pdf},
}
@manual{borgoltz2021,
    author = {Aurelien Borgoltz and William Deveneport and Nanya Intaratep},
    title = {Experiment 3 - Flow Past a Circular Cylinder},
    date = {2024-08-24},
    organization = {Virginia Tech},
    url = {https://borgoltz.aoe.vt.edu/aoe3054/manual/expt3/index.html},
}